% This file was created with JabRef 2.10.
% Encoding: Cp1252


@Book{HundsdorferAndVerwer2003,
  Title                    = {Numerical solution of Time-Dependent Advection-Diffusion-Reaction Equations},
  Author                   = {Hundsdorfer, W. and J. G. Verwer},
  Publisher                = {Springer},
  Year                     = {2003},

  Owner                    = {Jan Mooiman},
  Timestamp                = {2010.12.29}
}

