% Encoding: windows-1252

@Book{HundsdorferAndVerwer2003,
  Title                    = {Numerical solution of Time-Dependent Advection-Diffusion-Reaction Equations},
  Author                   = {Hundsdorfer, W. and J. G. Verwer},
  Publisher                = {Springer},
  Year                     = {2003},

  Owner                    = {Jan Mooiman},
  Timestamp                = {2010.12.29}
}

@Misc{AultHolmgreen2003,
  author = {Ault, Shaun and Erik Holmgreen},
  month  = mar,
  title  = {Dynamics of the Brusselator},
  year   = {2003},
  url    = {https://mate.unipv.it/~boffi/teaching/download/Brusselator.pdf},
}

@Comment{jabref-meta: databaseType:bibtex;}
